%%%%%%%%%%%%%%%%%%%%%%%%%%%
% Referreed publications
%%%%%%%%%%%%%%%%%%%%%%%%%%%
@ARTICLE{2016MNRAS.458..624C,
   author = {{Crowther}, P.~A. and {Caballero-Nieves}, S.~M. and {\bf{Bostroem}, K.~A}. and 
	{Ma{\'{\i}}z Apell{\'a}niz}, J. and {Schneider}, F.~R.~N. and 
	{Walborn}, N.~R. and {Angus}, C.~R. and {Brott}, I. and {Bonanos}, A. and 
	{de Koter}, A. and {de Mink}, S.~E. and {Evans}, C.~J. and {Gr{\"a}fener}, G. and 
	{Herrero}, A. and {Howarth}, I.~D. and {Langer}, N. and {Lennon}, D.~J. and 
	{Puls}, J. and {Sana}, H. and {Vink}, J.~S.},
    title = "{The R136 star cluster dissected with Hubble Space Telescope/STIS. I. Far-ultraviolet spectroscopic census and the origin of He II {$\lambda$}1640 in young star clusters}",
  journal = {\mnras},
archivePrefix = "arXiv",
   eprint = {1603.04994},
 primaryClass = "astro-ph.SR",
 keywords = {stars: early-type, stars: massive, stars: winds, outflows, Magellanic Clouds, galaxies: star clusters: individual: R136a},
     year = 2016,
    month = may,
   volume = 458,
    pages = {624-659},
      doi = {10.1093/mnras/stw273},
   adsurl = {http://adsabs.harvard.edu/abs/2016MNRAS.458..624C},
  adsnote = {Provided by the SAO/NASA Astrophysics Data System}
}

@ARTICLE{2015MNRAS.454.4366F,
   author = {{Fox}, O.~D. and {Smith}, N. and {Ammons}, S.~M. and {Andrews}, J. and 
	{\bf {Bostroem}, K.~A.} and {Cenko}, S.~B. and {Clayton}, G.~C. and 
	{Dwek}, E. and {Filippenko}, A.~V. and {Gallagher}, J.~S. and 
	{Kelly}, P.~L. and {Mauerhan}, J.~C. and {Miller}, A.~A. and 
	{Van Dyk}, S.~D.},
    title = "{What powers the 3000-day light curve of SN 2006gy?}",
  journal = {\mnras},
archivePrefix = "arXiv",
   eprint = {1509.06407},
 primaryClass = "astro-ph.HE",
 keywords = {circumstellar matter, supernovae: general, supernovae: individual: SN 2006gy, dust, extinction, infrared: stars},
     year = 2015,
    month = dec,
   volume = 454,
    pages = {4366-4378},
      doi = {10.1093/mnras/stv2270},
   adsurl = {http://adsabs.harvard.edu/abs/2015MNRAS.454.4366F},
  adsnote = {Provided by the SAO/NASA Astrophysics Data System}
}


@ARTICLE{2014ApJ...790...17F,
   author = {{Fox}, O.~D. and {Azalee Bostroem}, K. and {Van Dyk}, S.~D. and 
	{Filippenko}, A.~V. and {Fransson}, C. and {Matheson}, T. and 
	{Cenko}, S.~B. and {Chandra}, P. and {Dwarkadas}, V. and {Li}, W. and 
	{Parker}, A.~H. and {Smith}, N.},
    title = "{Uncovering the Putative B-star Binary Companion of the SN 1993J Progenitor}",
  journal = {\apj},
archivePrefix = "arXiv",
   eprint = {1405.4863},
 primaryClass = "astro-ph.HE",
 keywords = {circumstellar matter, supernovae: general, supernovae: individual: SN 1993J},
     year = 2014,
    month = jul,
   volume = 790,
      eid = {17},
    pages = {17},
      doi = {10.1088/0004-637X/790/1/17},
   adsurl = {http://adsabs.harvard.edu/abs/2014ApJ...790...17F},
  adsnote = {Provided by the SAO/NASA Astrophysics Data System}
}

@ARTICLE{2014AJ....148...13R,
   author = {{Rodney}, S.~A. and {Riess}, A.~G. and {Strolger}, L.-G. and 
	{Dahlen}, T. and {Graur}, O. and {Casertano}, S. and {Dickinson}, M.~E. and 
	{Ferguson}, H.~C. and {Garnavich}, P. and {Hayden}, B. and {Jha}, S.~W. and 
	{Jones}, D.~O. and {Kirshner}, R.~P. and {Koekemoer}, A.~M. and 
	{McCully}, C. and {Mobasher}, B. and {Patel}, B. and {Weiner}, B.~J. and 
	{Cenko}, S.~B. and {Clubb}, K.~I. and {Cooper}, M. and {Filippenko}, A.~V. and 
	{Frederiksen}, T.~F. and {Hjorth}, J. and {Leibundgut}, B. and 
	{Matheson}, T. and {Nayyeri}, H. and {Penner}, K. and {Trump}, J. and 
	{Silverman}, J.~M. and {U}, V. and {Azalee Bostroem}, K. and 
	{Challis}, P. and {Rajan}, A. and {Wolff}, S. and {Faber}, S.~M. and 
	{Grogin}, N.~A. and {Kocevski}, D.},
    title = "{Type Ia Supernova Rate Measurements to Redshift 2.5 from CANDELS: Searching for Prompt Explosions in the Early Universe}",
  journal = {\aj},
archivePrefix = "arXiv",
   eprint = {1401.7978},
 keywords = {infrared: general, supernovae: general, surveys},
     year = 2014,
    month = jul,
   volume = 148,
      eid = {13},
    pages = {13},
      doi = {10.1088/0004-6256/148/1/13},
   adsurl = {http://adsabs.harvard.edu/abs/2014AJ....148...13R},
  adsnote = {Provided by the SAO/NASA Astrophysics Data System}
}

@ARTICLE{2013A&A...558A..33A,
   author = {{Astropy Collaboration} and {Robitaille}, T.~P. and {Tollerud}, E.~J. and 
	{Greenfield}, P. and {Droettboom}, M. and {Bray}, E. and {Aldcroft}, T. and 
	{Davis}, M. and {Ginsburg}, A. and {Price-Whelan}, A.~M. and 
	{Kerzendorf}, W.~E. and {Conley}, A. and {Crighton}, N. and 
	{Barbary}, K. and {Muna}, D. and {Ferguson}, H. and {Grollier}, F. and 
	{Parikh}, M.~M. and {Nair}, P.~H. and {Unther}, H.~M. and {Deil}, C. and 
	{Woillez}, J. and {Conseil}, S. and {Kramer}, R. and {Turner}, J.~E.~H. and 
	{Singer}, L. and {Fox}, R. and {Weaver}, B.~A. and {Zabalza}, V. and 
	{Edwards}, Z.~I. and {\bf {Bostroem}, K.~A.}. and {Burke}, D.~J. and 
	{Casey}, A.~R. and {Crawford}, S.~M. and {Dencheva}, N. and 
	{Ely}, J. and {Jenness}, T. and {Labrie}, K. and {Lim}, P.~L. and 
	{Pierfederici}, F. and {Pontzen}, A. and {Ptak}, A. and {Refsdal}, B. and 
	{Servillat}, M. and {Streicher}, O.},
    title = "{ Astropy: A community Python package for astronomy}",
  journal = {\aap},
archivePrefix = "arXiv",
   eprint = {1307.6212},
 primaryClass = "astro-ph.IM",
 keywords = {methods: data analysis, methods: miscellaneous, virtual observatory tools},
     year = 2013,
    month = oct,
   volume = 558,
      eid = {A33},
    pages = {A33},
      doi = {10.1051/0004-6361/201322068},
   adsurl = {http://adsabs.harvard.edu/abs/2013A%26A...558A..33A},
  adsnote = {Provided by the SAO/NASA Astrophysics Data System}
}

%%%%%%%%%%%%%%%%%%%%%%%%%%%
% Technical publications
%%%%%%%%%%%%%%%%%%%%%%%%%%%
@TECHREPORT{2014cos..rept....1R,
   author = {{Roman-Duval}, J. and {Ely}, J. and {Oliveira}, C. and {Proffitt}, C. and 
	{aloisi}, A. and {Bostroem}, A. and {Cox}, C. and {Lockwood}, S. and 
	{Mason}, E. and {Massa}, D. and {Osten}, R. and {Penton}, S. and 
	{Sahnow}, D. and {Sonnetrucker}, P. and {Wheeler}, T.},
    title = "{Summary of the Cycle 19 COS Calibration Program}",
 keywords = {Hubble Space Telescope, Space Telescope Science Institute, STScI, HST   },
booktitle = {Instrument Science Report COS 2014-01, 31 pages},
     year = 2014,
    month = jul,
    pages = {1},
   adsurl = {http://adsabs.harvard.edu/abs/2014cos..rept....1R},
  adsnote = {Provided by the SAO/NASA Astrophysics Data System}
}

@TECHREPORT{2014cos..rept....9M,
   author = {{Massa}, D. and {Ely}, J. and {Osten}, R. and {Penton}, S. and 
	{Aloisi}, A. and {Bostroem}, A. and {Roman-Duval}, J. and {Proffitt}, C.
	},
    title = "{Updated Absolute Flux Calibration of the COS FUV Modes}",
 keywords = {Hubble Space Telescope, Space Telescope Science Institute, STScI, HST, COS},
booktitle = {Instrument Science Report COS 2013-09(v1), 30 pages},
     year = 2014,
    month = mar,
    pages = {9},
   adsurl = {http://adsabs.harvard.edu/abs/2014cos..rept....9M},
  adsnote = {Provided by the SAO/NASA Astrophysics Data System}
}

@TECHREPORT{2013cos..rept...16O,
   author = {{Osten}, R.~A. and {Aloisi}, A. and {\bf {Bostroem}, K.~A.} and {Debes}, J.~H. and 
	{Ely}, J. and {Kriss}, G.~A. and {Massa}, D. and {McPhate}, J. and 
	{Oliveira}, C. and {Osterman}, S. and {Penton}, S. and {Proffitt}, C. and 
	{Roman-Duval}, J. and {Sahnow}, D. and {Sonnentrucker}, P.},
    title = "{Summary of Results from the First Move to a New COS FUV Lifetime Position}",
 keywords = {Hubble Space Telescope, Space Telescope Science Institute, STScI, HST},
booktitle = {Instrument Science Report COS 2013-16, 37 pages},
     year = 2013,
    month = oct,
    pages = {16},
   adsurl = {http://adsabs.harvard.edu/abs/2013cos..rept...16O},
  adsnote = {Provided by the SAO/NASA Astrophysics Data System}
}

@TECHREPORT{2013stis.rept....3K,
   author = {{Kriss}, G.~A. and {Wolfe}, M.~A. and {Aloisi}, A. and {Bostroem}, K.~A. and 
	{Cox}, C. and {Dixon}, V. and {Ely}, J. and {Long}, C. and {Mason}, E. and 
	{Massa}, D. and {Osten}, R. and {Proffitt}, C. and {Roman-Duval}, J. and 
	{Sonnentrucker}, P. and {Wheeler}, T. and {Zheng}, W.},
    title = "{Summary of STIS Cycle 18 Calibration Program}",
 keywords = {Hubble Space Telescope, Space Telescope Science Institute, STScI, HST},
booktitle = {Space Telescope STIS Instrument Science Report},
     year = 2013,
    month = nov,
    pages = {3},
   adsurl = {http://adsabs.harvard.edu/abs/2013stis.rept....3K},
  adsnote = {Provided by the SAO/NASA Astrophysics Data System}
}

@TECHREPORT{2013cos..rept...16O,
   author = {{Osten}, R.~A. and {Aloisi}, A. and {Bostroem}, K.~A. and {Debes}, J.~H. and 
	{Ely}, J. and {Kriss}, G.~A. and {Massa}, D. and {McPhate}, J. and 
	{Oliveira}, C. and {Osterman}, S. and {Penton}, S. and {Proffitt}, C. and 
	{Roman-Duval}, J. and {Sahnow}, D. and {Sonnentrucker}, P.},
    title = "{Summary of Results from the First Move to a New COS FUV Lifetime Position}",
 keywords = {Hubble Space Telescope, Space Telescope Science Institute, STScI, HST},
booktitle = {Instrument Science Report COS 2013-16, 37 pages},
     year = 2013,
    month = oct,
    pages = {16},
   adsurl = {http://adsabs.harvard.edu/abs/2013cos..rept...16O},
  adsnote = {Provided by the SAO/NASA Astrophysics Data System}
}

@TECHREPORT{2013cos..rept....4K,
   author = {{Kriss}, G.~A. and {Wolfe}, M. and {Aloisi}, A. and {\bf {Bostroem}, A.} and 
	{Cox}, C. and {Ely}, J. and {Long}, C. and {Massa}, D. and {Oliveria}, C. and 
	{Osten}, R. and {Proffitt}, C. and {Sahnow}, D. and {Wheeler}, T. and 
	{Zheng}, W.},
    title = "{Summary of the COS Cycle 18 Calibration Program}",
 keywords = {Hubble Space Telescope, Space Telescope Science Institute, STScI, HST},
booktitle = {Instrument Science Report COS 2013-04, 43 pages},
     year = 2013,
    month = apr,
    pages = {4},
   adsurl = {http://adsabs.harvard.edu/abs/2013cos..rept....4K},
  adsnote = {Provided by the SAO/NASA Astrophysics Data System}
}

@TECHREPORT{2013cos..rept....1O,
   author = {{Oliveira}, C. and {\bf {Bostroem}, A.} and {Osterman}, S.},
    title = "{Second COS FUV Lifetime Position Results from the Focus Sweep Enabling Program, FENA3 (12796)}",
 keywords = {Hubble Space Telescope, Space Telescope Science Institute, STScI, HST},
booktitle = {Instrument Science Report COS 2013-01, 22 pages},
     year = 2013,
    month = feb,
    pages = {1},
   adsurl = {http://adsabs.harvard.edu/abs/2013cos..rept....1O},
  adsnote = {Provided by the SAO/NASA Astrophysics Data System}
}

@TECHREPORT{2012cos..rept....2O,
   author = {{Osten}, R.~A. and {Wolfe}, M. and {Ake}, T. and {Aloisi}, A. and 
	{\bf {Bostroem}, K.~A.} and {Dixon}, W.~v.~D. and {Ghavamian}, P. and 
	{Goudfrooij} and {Ely}, J. and {Massa}, D. and {Niemi}, S.-M. and 
	{Oliveira}, C. and {Osterman}, S. and {Pascucci}, I. and {Penton}, S. and 
	{Proffitt}, C. and {Sahnow}, D. and {Wheeler}, T. and {York}, B. and 
	{Zheng}, W.},
    title = "{Summary of the COS Cycle 17 Calibration Program}",
 keywords = {Hubble Space Telescope, HST, Space Telescope Science Institute, STScI},
booktitle = {Instrument Science Report COS 2012-02, 38 pages},
     year = 2012,
    month = nov,
    pages = {2},
   adsurl = {http://adsabs.harvard.edu/abs/2012cos..rept....2O},
  adsnote = {Provided by the SAO/NASA Astrophysics Data System}
}

@TECHREPORT{2012stis.rept....1B,
   author = {{\bf {Bostroem}, K.~A.} and {Aloisi}, A. and {Bohlin}, R. and {Hodge}, P. and 
	{Proffitt}, C.},
    title = "{Post-SM4 Sensitivity Calibration of the STIS Echelle Modes}",
 keywords = {Hubble Telescope, HST, STIS, STScI},
booktitle = {Space Telescope STIS Instrument Science Report},
     year = 2012,
    month = jan,
    pages = {1},
   adsurl = {http://adsabs.harvard.edu/abs/2012stis.rept....1B},
  adsnote = {Provided by the SAO/NASA Astrophysics Data System}
}

@TECHREPORT{2012stis.rept....3W,
   author = {{Wolfe}, M.~A. and {Osten}, R.~A. and {Hernandez}, S. and {Aloisi}, A. and 
	{Bohlin}, R. and {\bf {Bostroem}, K.~A.} and {Diaz}, R. and {Dixon}, V. and 
	{Ely}, J. and {Hodge}, P. and {Lennon}, D. and {Mason}, E. and 
	{Niemi}, S.-M. and {Pascuucci}, I. and {Proffitt}, C. and {Wheeler}, T. and 
	{Zheng}, W.},
    title = "{Summary of the STIS Cycle 17 Calibration Program}",
 keywords = {Hubble Space Telescope, Space Telescope Science Institute, STScI, HST},
booktitle = {Space Telescope STIS Instrument Science Report},
     year = 2012,
    pages = {3},
   adsurl = {http://adsabs.harvard.edu/abs/2012stis.rept....3W},
  adsnote = {Provided by the SAO/NASA Astrophysics Data System}
}

@BOOK{2011stis.book.....B,
   author = {{\bf {Bostroem}, K.~A.} and {Proffitt}, C.},
    title = "{STIS Data Handbook v. 6.0}",
 keywords = {STIS, Space Telescope Imaging Spectrograph, HST Spectroscopy, HST   },
booktitle = {STIS Data Handbook, HST Data Handbooks},
     year = 2011,
    month = may,
   adsurl = {http://adsabs.harvard.edu/abs/2011stis.book.....B},
  adsnote = {Provided by the SAO/NASA Astrophysics Data System}
}

@TECHREPORT{2011cos..rept....2O,
   author = {{Osten}, R.~A. and {Massa}, D. and {\bf {Bostroem}, A.} and {Aloisi}, A. and 
	{Proffitt}, C.},
    title = "{Updated Results from the COS Spectroscopic Sensitivity Monitoring Program}",
 keywords = {Hubble Space Telescope, HST, Space Telescope Science Institute, COS},
booktitle = {Instrument Science Report COS 2011-02, 29 pages},
     year = 2011,
    month = jun,
    pages = {2},
   adsurl = {http://adsabs.harvard.edu/abs/2011cos..rept....2O},
  adsnote = {Provided by the SAO/NASA Astrophysics Data System}
}

%%%%%%%%%%%%%%%%%%%%%%%%%%%
% Preceedings
%%%%%%%%%%%%%%%%%%%%%%%%%%%
@INPROCEEDINGS{2014bsee.confE..33C,
   author = {{Caballero-Nieves}, S. and {Crowther}, P. and {Bostroem}, K.~A. and 
	{Ma{\'{\i}}z Apell{\'a}niz}, J.},
    title = "{Massive binaries in R136 using Hubble}",
booktitle = {Binary Systems, their Evolution and Environments},
     year = 2014,
    month = sep,
      eid = {33},
    pages = {33},
   adsurl = {http://adsabs.harvard.edu/abs/2014bsee.confE..33C},
  adsnote = {Provided by the SAO/NASA Astrophysics Data System}
}

@INPROCEEDINGS{2014AAS...22412208P,
   author = {{Proffitt}, C.~R. and {Bostroem}, K.~A. and {Debes}, J.~H. and 
	{Ely}, J. and {Hernandez}, S. and {Hodge}, P. and {Jedrzejewski}, R.~I. and 
	{Lindsay}, K. and {Massa}, D. and {Oliveira}, C.~M. and {Penton}, S.~V. and 
	{Roman-Duval}, J. and {Sahnow}, D.~J. and {Sana}, H. and {Sonnentrucker}, P. and 
	{Taylor}, J.~M.},
    title = "{Moving COS FUV Spectra to the Third COS FUV Lifetime Position}",
booktitle = {American Astronomical Society Meeting Abstracts \#224},
     year = 2014,
   series = {American Astronomical Society Meeting Abstracts},
   volume = 224,
    month = jun,
    pages = {#122.08},
   adsurl = {http://adsabs.harvard.edu/abs/2014AAS...22412208P},
  adsnote = {Provided by the SAO/NASA Astrophysics Data System}
}

@INPROCEEDINGS{2014AAS...22412207E,
   author = {{Ely}, J. and {Bostroem}, K.~A. and {Debes}, J.~H. and {Hernandez}, S. and 
	{Hodge}, P. and {Jedrzejewski}, R.~I. and {Lindsay}, K. and 
	{Massa}, D. and {Oliveira}, C.~M. and {Penton}, S.~V. and {Proffitt}, C.~R. and 
	{Roman-Duval}, J. and {Sahnow}, D.~J. and {Sana}, H. and {Sonnentrucker}, P. and 
	{Taylor}, J.~M.},
    title = "{Advanced Time-domain Calibrations and Data-reductionTechniques with HST/COS.}",
booktitle = {American Astronomical Society Meeting Abstracts \#224},
     year = 2014,
   series = {American Astronomical Society Meeting Abstracts},
   volume = 224,
    month = jun,
    pages = {#122.07},
   adsurl = {http://adsabs.harvard.edu/abs/2014AAS...22412207E},
  adsnote = {Provided by the SAO/NASA Astrophysics Data System}
}

@INPROCEEDINGS{2014AAS...22344228B,
   author = {{Bostroem}, K.~A. and {Ma{\'{\i}}z Apell{\'a}niz}, J. and {Caballero-Nieves}, S.~M. and 
	{Walborn}, N.~R. and {Crowther}, P.~A.},
    title = "{Spectral Types and Wind Velocities for Massive Stars in R136}",
booktitle = {American Astronomical Society Meeting Abstracts \#223},
     year = 2014,
   series = {American Astronomical Society Meeting Abstracts},
   volume = 223,
    month = jan,
    pages = {#442.28},
   adsurl = {http://adsabs.harvard.edu/abs/2014AAS...22344228B},
  adsnote = {Provided by the SAO/NASA Astrophysics Data System}
}


@INPROCEEDINGS{2014AAS...22314925S,
   author = {{Sonnentrucker}, P. and {Bostroem}, K.~A. and {Ely}, J. and 
	{Debes}, J.~H. and {DiFelice}, A. and {Hernandez}, S. and {Hodge}, P.~E. and 
	{Lindsay}, K. and {Lockwood}, S.~A. and {Massa}, D. and {Oliveira}, C.~M. and 
	{Roman-Duval}, J. and {Penton}, S.~V. and {Proffitt}, C.~R. and 
	{Taylor}, J.~M.},
    title = "{Update to the Cosmic Origins Spectrograph FUV Calibration: Improved Characterization Below 1150 Angstroms and Improved Absolute Flux Calibration at all Wavelengths}",
booktitle = {American Astronomical Society Meeting Abstracts \#223},
     year = 2014,
   series = {American Astronomical Society Meeting Abstracts},
   volume = 223,
    month = jan,
    pages = {#149.25},
   adsurl = {http://adsabs.harvard.edu/abs/2014AAS...22314925S},
  adsnote = {Provided by the SAO/NASA Astrophysics Data System}
}

@INPROCEEDINGS{2014AAS...22314924L,
   author = {{Lockwood}, S.~A. and {Proffitt}, C.~R. and {Bostroem}, K.~A. and 
	{Debes}, J.~H. and {Hernandez}, S. and {Hodge}, P. and {Oliveira}, C.~M.
	},
    title = "{Improved Characterization of the HST/STIS CCD}",
booktitle = {American Astronomical Society Meeting Abstracts \#223},
     year = 2014,
   series = {American Astronomical Society Meeting Abstracts},
   volume = 223,
    month = jan,
    pages = {#149.24},
   adsurl = {http://adsabs.harvard.edu/abs/2014AAS...22314924L},
  adsnote = {Provided by the SAO/NASA Astrophysics Data System}
}

@INPROCEEDINGS{2013msao.confE..56B,
   author = {{\bf {Bostroem}, K.} and {Walborn}, N. and {Crowther}, P. and {Caballero-Nieves}, S. and 
	{Lennon}, D. and {Ma{\'{\i}}z Apell{\'a}niz}, J.},
    title = "{New HST/STIS Spectroscopy of Massive Members of R136 in 30 Doradus}",
booktitle = {Massive Stars: From alpha to Omega},
     year = 2013,
    month = jun,
      eid = {56},
   adsurl = {http://adsabs.harvard.edu/abs/2013msao.confE..56B},
  adsnote = {Provided by the SAO/NASA Astrophysics Data System}
}

@INPROCEEDINGS{2013AAS...22231607H,
   author = {{Hernandez}, S. and {Aloisi}, A. and {\bf {Bostroem}, K.~A.} and {Cox}, C. and 
	{Debes}, J.~H. and {DiFelice}, A. and {Roman-Duval}, J. and 
	{Hodge}, P. and {Holland}, S. and {Lindsay}, K. and {Lockwood}, S.~A. and 
	{Mason}, E. and {Oliveira}, C.~M. and {Penton}, S.~V. and {Proffitt}, C.~R. and 
	{Sonnentrucker}, P. and {Taylor}, J.~M. and {Wheeler}, T.},
    title = "{Update on the Status of the Space Telescope Imaging Spectrograph onboard the Hubble Space Telescope}",
booktitle = {American Astronomical Society Meeting Abstracts},
     year = 2013,
   series = {American Astronomical Society Meeting Abstracts},
   volume = 222,
    month = jun,
    pages = {#316.07},
   adsurl = {http://adsabs.harvard.edu/abs/2013AAS...22231607H},
  adsnote = {Provided by the SAO/NASA Astrophysics Data System}
}

@INPROCEEDINGS{2013AAS...22231606T,
   author = {{Taylor}, J.~M. and {Aloisi}, A. and {Bacinski}, J. and {\bf {Bostroem}, K.~A.} and 
	{Debes}, J.~H. and {Roman-Duval}, J. and {Ely}, J. and {DiFelice}, A. and 
	{Hernandez}, S. and {Kriss}, G.~A. and {Hodge}, P. and {Lindsay}, K. and 
	{Lockwood}, S.~A. and {Massa}, D. and {Oliveira}, C.~M. and 
	{Osten}, R.~A. and {Penton}, S.~V. and {Proffitt}, C.~R. and 
	{Sahnow}, D.~J. and {Sonnentrucker}, P. and {Wheeler}, T.},
    title = "{Updated Status and Performance for the Cosmic Origins Spectrograph Onboard the Hubble Space Telescope}",
booktitle = {American Astronomical Society Meeting Abstracts},
     year = 2013,
   series = {American Astronomical Society Meeting Abstracts},
   volume = 222,
    month = jun,
    pages = {#316.06},
   adsurl = {http://adsabs.harvard.edu/abs/2013AAS...22231606T},
  adsnote = {Provided by the SAO/NASA Astrophysics Data System}
}

@INPROCEEDINGS{2013AAS...22134404P,
   author = {{Penton}, S.~V. and {Aloisi}, A. and {\bf {Bostroem}, K.~A.} and {Elliott}, E. and 
	{France}, K. and {Lockwood}, S.~A. and {Oliveira}, C.~M. and 
	{Osterman}, S. and {Proffitt}, C.~R. and {Roman-Duval}, J. and 
	{Sahnow}, D.~J.},
    title = "{Sensing the ``LUV" with HST+COS in Cycle 20 and Beyond}",
booktitle = {American Astronomical Society Meeting Abstracts},
     year = 2013,
   series = {American Astronomical Society Meeting Abstracts},
   volume = 221,
    month = jan,
    pages = {#344.04},
   adsurl = {http://adsabs.harvard.edu/abs/2013AAS...22134404P},
  adsnote = {Provided by the SAO/NASA Astrophysics Data System}
}

@INPROCEEDINGS{2013AAS...22134403O,
   author = {{Osten}, R. and {Aloisi}, A. and {\bf {Bostroem}, K.~A.} and {Debes}, J.~H. and 
	{Elliott}, E. and {Ely}, J. and {Kriss}, G.~A. and {Massa}, D. and 
	{Oliveira}, C.~M. and {Osterman}, S. and {Penton}, S.~V. and 
	{Proffitt}, C.~R. and {Roman-Duval}, J. and {Sahnow}, D.~J. and 
	{Sonnentrucker}, P.},
    title = "{Results from the HST/COS FUV Detector ''Lifetime Move''}",
booktitle = {American Astronomical Society Meeting Abstracts},
     year = 2013,
   series = {American Astronomical Society Meeting Abstracts},
   volume = 221,
    month = jan,
    pages = {#344.03},
   adsurl = {http://adsabs.harvard.edu/abs/2013AAS...22134403O},
  adsnote = {Provided by the SAO/NASA Astrophysics Data System}
}

@INPROCEEDINGS{2013AAS...22125004B,
   author = {{\bf {Bostroem}, K.~A.} and {Crowther}, P. and {Lennon}, D. and {Walborn}, N.~R.
	},
    title = "{Long-Slit Spectroscopy of R136 in 30 Doradus}",
booktitle = {American Astronomical Society Meeting Abstracts},
     year = 2013,
   series = {American Astronomical Society Meeting Abstracts},
   volume = 221,
    month = jan,
    pages = {#250.04},
   adsurl = {http://adsabs.harvard.edu/abs/2013AAS...22125004B},
  adsnote = {Provided by the SAO/NASA Astrophysics Data System}
}

@INPROCEEDINGS{2012SPIE.8443E..4CS,
   author = {{Sahnow}, D.~J. and {Aloisi}, A. and {\bf {Bostroem}, K.~A.} and {Debes}, J. and 
	{Duval}, J. and {Ely}, J. and {Hodge}, P.~E. and {Kriss}, G. and 
	{Lindsay}, K. and {Massa}, D. and {Oliveira}, C. and {Osten}, R. and 
	{Osterman}, S.~N. and {Penton}, S.~V. and {Proffitt}, C. and 
	{Sonnentrucker}, P. and {York}, B.},
    title = "{The COS FUV channel: on-orbit performance trends and early characterization of a new detector lifetime position}",
booktitle = {Society of Photo-Optical Instrumentation Engineers (SPIE) Conference Series},
     year = 2012,
   series = {Society of Photo-Optical Instrumentation Engineers (SPIE) Conference Series},
   volume = 8443,
    month = sep,
      eid = {84434C},
      doi = {10.1117/12.926487},
   adsurl = {http://adsabs.harvard.edu/abs/2012SPIE.8443E..4CS},
  adsnote = {Provided by the SAO/NASA Astrophysics Data System}
}

@INPROCEEDINGS{2012AAS...22013605E,
   author = {{Ely}, J. and {Aloisi}, A. and {\bf {Bostroem}, K.} and {Hodge}, P. and 
	{Kriss}, G. and {Massa}, D. and {Oliveira}, C. and {Osten}, R. and 
	{Penton}, S. and {Proffitt}, C. and {Sahnow}, D. and {York}, B.
	},
    title = "{Strategies For The Mitigation Of Gain Sag In The Cos Fuv Detectors}",
booktitle = {American Astronomical Society Meeting Abstracts \#220},
     year = 2012,
   series = {American Astronomical Society Meeting Abstracts},
   volume = 220,
    month = may,
    pages = {#136.05},
   adsurl = {http://adsabs.harvard.edu/abs/2012AAS...22013605E},
  adsnote = {Provided by the SAO/NASA Astrophysics Data System}
}

@INPROCEEDINGS{2012AAS...22013601D,
   author = {{Debes}, J.~H. and {Aloisi}, A. and {Bohlin}, R.~C. and {\bf {Bostrom}, K.~A.} and 
	{Cox}, C. and {Diaz}, R. and {Duval}, J. and {Ely}, J. and {Mason}, E. and 
	{Osten}, R. and {Proffitt}, C. and {Sonnentrucker}, P. and {Wolfe}, M.~A.
	},
    title = "{Updates to the Performance of the Space Telescope Imaging Spectrograph}",
booktitle = {American Astronomical Society Meeting Abstracts \#220},
     year = 2012,
   series = {American Astronomical Society Meeting Abstracts},
   volume = 220,
    month = may,
    pages = {#136.01},
   adsurl = {http://adsabs.harvard.edu/abs/2012AAS...22013601D},
  adsnote = {Provided by the SAO/NASA Astrophysics Data System}
}

@INPROCEEDINGS{2012AAS...21924116E,
   author = {{Ely}, J. and {Aloisi}, A. and {\bf {Bostroem}, K.} and {Hodge}, P. and 
	{Massa}, D. and {Oliveira}, C. and {Osten}, R. and {Penton}, S. and 
	{Proffitt}, C. and {Sahnow}, D. and {Zheng}, W.},
    title = "{Updated Status and Performance for the Cosmic Origins Spectrograph}",
booktitle = {American Astronomical Society Meeting Abstracts \#219},
     year = 2012,
   series = {American Astronomical Society Meeting Abstracts},
   volume = 219,
    month = jan,
    pages = {#241.16},
   adsurl = {http://adsabs.harvard.edu/abs/2012AAS...21924116E},
  adsnote = {Provided by the SAO/NASA Astrophysics Data System}
}

@INPROCEEDINGS{2012AAS...21924115B,
   author = {{\bf {Bostroem}, K.~A.} and {Aloisi}, A. and {Bohlin}, R.~C. and {Cox}, C. and 
	{Diaz}, R. and {Dixon}, W. and {Duval}, J. and {Ely}, J. and 
	{Mason}, E. and {Osten}, R. and {Proffitt}, C. and {Sonnentrucker}, P. and 
	{Wolfe}, M.~A. and {York}, B. and {Zheng}, W.},
    title = "{An Update on the Performance of the Space Telescope Imaging Spectrograph}",
booktitle = {American Astronomical Society Meeting Abstracts \#219},
     year = 2012,
   series = {American Astronomical Society Meeting Abstracts},
   volume = 219,
    month = jan,
    pages = {#241.15},
   adsurl = {http://adsabs.harvard.edu/abs/2012AAS...21924115B},
  adsnote = {Provided by the SAO/NASA Astrophysics Data System}
}

@INPROCEEDINGS{2011SPIE.8145E.257S,
   author = {{Sahnow}, D.~J. and {Oliveira}, C. and {Aloisi}, A. and {Hodge}, P.~E. and 
	{Massa}, D. and {Osten}, R. and {Proffitt}, C. and {\bf {Bostroem}, A.} and 
	{McPhate}, J.~B. and {B{\'e}land}, S. and {Osterman}, S.~N. and 
	{Penton}, S.~V.},
    title = "{Gain sag in the FUV detector of the Cosmic Origins Spectrograph}",
booktitle = {Society of Photo-Optical Instrumentation Engineers (SPIE) Conference Series},
     year = 2011,
   series = {Society of Photo-Optical Instrumentation Engineers (SPIE) Conference Series},
   volume = 8145,
    month = sep,
      eid = {81450Q},
      doi = {10.1117/12.893989},
   adsurl = {http://adsabs.harvard.edu/abs/2011SPIE.8145E.257S},
  adsnote = {Provided by the SAO/NASA Astrophysics Data System}
}

@INPROCEEDINGS{2011AAS...21833102W,
   author = {{Wolfe}, M.~A. and {Dixon}, W.~V. and {Mason}, E. and {Proffitt}, C. and 
	{Aloisi}, A. and {Oliveira}, C. and {Bohlin}, R.~C. and {Osten}, R. and 
	{\bf {Bostroem}, K.~A.} and {Zheng}, W. and {Pascucci}, I. and {Niemi}, S. and 
	{York}, B. and {Sonnentracker}, P. and {Diaz}, R. and {Ely}, J.~C.
	},
    title = "{Updated Status and Performance of the Space Telescope Imaging Spectrograph}",
booktitle = {American Astronomical Society Meeting Abstracts \#218},
     year = 2011,
    month = may,
    pages = {#331.02},
   adsurl = {http://adsabs.harvard.edu/abs/2011AAS...21833102W},
  adsnote = {Provided by the SAO/NASA Astrophysics Data System}
}

@INPROCEEDINGS{2011AAS...21725402P,
   author = {{Proffitt}, C.~R. and {Bohlin}, R.~C. and {Osten}, R.~A. and 
	{\bf {Bostroem}, K.~A.} and {Massa}, D. and {Sahnow}, D.~J. and {Ghavmian}, P. and 
	{Wolfe}, M.~A.},
    title = "{Flux Calibration of the Cosmic Origins Spectrograph}",
booktitle = {American Astronomical Society Meeting Abstracts \#217},
     year = 2011,
   series = {Bulletin of the American Astronomical Society},
   volume = 43,
    month = jan,
    pages = {#254.02},
   adsurl = {http://adsabs.harvard.edu/abs/2011AAS...21725402P},
  adsnote = {Provided by the SAO/NASA Astrophysics Data System}
}

@INPROCEEDINGS{2010hstc.workE..51B,
   author = {{\bf {Bostroem}, A.} and {Aloisi}, A. and {Bohlin}, R.~C. and {Proffitt}, C.~R. and 
	{Osten}, R.~A. and {Lennon}, D.},
    title = "{Post - SM4 Flux Calibration of the STIS Echelle Modes}",
booktitle = {Hubble after SM4. Preparing JWST},
     year = 2010,
    month = jul,
   adsurl = {http://adsabs.harvard.edu/abs/2010hstc.workE..51B},
  adsnote = {Provided by the SAO/NASA Astrophysics Data System}
}

@INPROCEEDINGS{2010hstc.workE..47Z,
   author = {{Zheng}, W. and {Proffitt}, C.~R. and {Sahnow}, D. and {Ake}, T.~B. and 
	{Keyes}, C. and {Goudfrooij}, P. and {Hodge}, P. and {Oliveira}, C. and 
	{\bf {Bostroem}, A.} and {Long}, C. and {Aloisi}, A.},
    title = "{Trend of Dark Rates of the COS and STIS NUV MAMA Detectors}",
booktitle = {Hubble after SM4. Preparing JWST},
     year = 2010,
    month = jul,
   adsurl = {http://adsabs.harvard.edu/abs/2010hstc.workE..47Z},
  adsnote = {Provided by the SAO/NASA Astrophysics Data System}
}

@INPROCEEDINGS{2010hstc.workE...6P,
   author = {{Proffitt}, C.~R. and {Aloisi}, A. and {Bohlin}, C. and {\bf {Bostroem}, K.~A.} and 
	{Cox}, C.~R. and {Diaz}, R.~I. and {Dixon}, W.~V. and {Goudfrooij}, P. and 
	{Hodge}, P. and {Kaiser}, M.~D., M.~E.~L. and {Lennon}, D. and 
	{Niemi}, S. and {Osten}, R.~V. and {Pascucci}, I. and {Smith}, E. and 
	{Wolfe}, M.~A. and {York}, B. and {Zheng}, W. and {Gull}, T.~R. and 
	{Lindler}, D.~J. and {Woodgate}, B.~E.},
    title = "{Performance of the Space Telescope Imaging Spectrograph after}",
booktitle = {Hubble after SM4. Preparing JWST},
     year = 2010,
    month = jul,
   adsurl = {http://adsabs.harvard.edu/abs/2010hstc.workE...6P},
  adsnote = {Provided by the SAO/NASA Astrophysics Data System}
}

@INPROCEEDINGS{2010hstc.workE...3A,
   author = {{Aloisi}, A. and {Ake}, T. and {\bf {Bostroem}, A.} and {Bohlin}, R. and 
	{Cox}, C. and {Diaz}, R. and {Dixon}, V. and {Ghavamian}, P. and 
	{Goudfrooij}, P. and {Hartig}, G. and {Hodge}, P. and {Keyes}, C. and 
	{Kriss}, G. and {Lallo}, M. and {Lennon}, D. and {Massa}, D. and 
	{Niemi}, S. and {Oliveira}, C. and {Osten}, R. and {Proffitt}, C.~R. and 
	{Sahnow}, D. and {Smith}, E. and {Wheeler}, T. and {Wolfe}, M. and 
	{York}, B. and {Zheng}, W. and {Green}, J. and {Froning}, C. and 
	{Beland}, S. and {Burgh}, E. and {France}, K. and {Osterman}, S. and 
	{Penton}, S. and {McPhate}, J. and {Delker}, T.},
    title = "{The On-Orbit Performance of the Cosmic Origins Spectrograph}",
booktitle = {Hubble after SM4. Preparing JWST},
     year = 2010,
    month = jul,
   adsurl = {http://adsabs.harvard.edu/abs/2010hstc.workE...3A},
  adsnote = {Provided by the SAO/NASA Astrophysics Data System}
}

@INPROCEEDINGS{2010AAS...21641306W,
   author = {{Wolfe}, M.~A. and {Proffitt}, C.~R. and {Aloisi}, A. and {Dixon}, W.~V. and 
	{Goudfrooij}, P. and {Lennon}, D. and {Osten}, R. and {Bohlin}, R.~C. and 
	{Niemi}, S. and {\bf {Bostroem}, A.} and {Gull}, T. and {Lindler}, D. and 
	{Woodgate}, B.~E. and {Zheng}, W. and {Pascucci}, I. and {York}, B.
	},
    title = "{Updated Overview of STIS Performance}",
booktitle = {American Astronomical Society Meeting Abstracts \#216},
     year = 2010,
   series = {Bulletin of the American Astronomical Society},
   volume = 41,
    month = may,
    pages = {#413.06},
   adsurl = {http://adsabs.harvard.edu/abs/2010AAS...21641306W},
  adsnote = {Provided by the SAO/NASA Astrophysics Data System}
}
