%%%%%%%%%%%%%%%%%%%%%%%%%%%
% Referreed publications
%%%%%%%%%%%%%%%%%%%%%%%%%%%

@ARTICLE{2013A&A...558A..33A,
   author = {{Astropy Collaboration} and {Robitaille}, T.~P. and {Tollerud}, E.~J. and 
	{Greenfield}, P. and {Droettboom}, M. and {Bray}, E. and {Aldcroft}, T. and 
	{Davis}, M. and {Ginsburg}, A. and {Price-Whelan}, A.~M. and 
	{Kerzendorf}, W.~E. and {Conley}, A. and {Crighton}, N. and 
	{Barbary}, K. and {Muna}, D. and {Ferguson}, H. and {Grollier}, F. and 
	{Parikh}, M.~M. and {Nair}, P.~H. and {Unther}, H.~M. and {Deil}, C. and 
	{Woillez}, J. and {Conseil}, S. and {Kramer}, R. and {Turner}, J.~E.~H. and 
	{Singer}, L. and {Fox}, R. and {Weaver}, B.~A. and {Zabalza}, V. and 
	{Edwards}, Z.~I. and {Azalee Bostroem}, K. and {Burke}, D.~J. and 
	{Casey}, A.~R. and {Crawford}, S.~M. and {Dencheva}, N. and 
	{\bf{Ely}, J.} and {Jenness}, T. and {Labrie}, K. and {Lim}, P.~L. and 
	{Pierfederici}, F. and {Pontzen}, A. and {Ptak}, A. and {Refsdal}, B. and 
	{Servillat}, M. and {Streicher}, O.},
    title = "{ Astropy: A community Python package for astronomy }",
  journal = {\aap},
archivePrefix = "arXiv",
   eprint = {1307.6212},
 primaryClass = "astro-ph.IM",
 keywords = {methods: data analysis, methods: miscellaneous, virtual observatory tools},
     year = 2013,
    month = oct,
   volume = 558,
      eid = {A33},
    pages = {A33},
      doi = {10.1051/0004-6361/201322068},
   adsurl = {http://adsabs.harvard.edu/abs/2013A%26A...558A..33A},
  adsnote = {Provided by the SAO/NASA Astrophysics Data System}
}

@ARTICLE{2013ApJ...766..104L,
   author = {{Longinotti}, A.~L. and {Krongold}, Y. and {Kriss}, G.~A. and 
	{\bf{Ely}, J.} and {Gallo}, L. and {Grupe}, D. and {Komossa}, S. and 
	{Mathur}, S. and {Pradhan}, A.},
    title = "{The Rise of an Ionized Wind in the Narrow-line Seyfert 1 Galaxy Mrk 335 Observed by XMM-Newton and HST}",
  journal = {\apj},
archivePrefix = "arXiv",
   eprint = {1301.5463},
 primaryClass = "astro-ph.CO",
 keywords = {galaxies: active, galaxies: Seyfert},
     year = 2013,
    month = apr,
   volume = 766,
      eid = {104},
    pages = {104},
      doi = {10.1088/0004-637X/766/2/104},
   adsurl = {http://adsabs.harvard.edu/abs/2013ApJ...766..104L},
  adsnote = {Provided by the SAO/NASA Astrophysics Data System}
}

%%%%%%%%%%%%%%%%%%%%%%%%%%%
% Technical publications
%%%%%%%%%%%%%%%%%%%%%%%%%%%

@TECHREPORT{2013cos..rept...16O,
   author = {{Osten}, R.~A. and {Aloisi}, A. and {Bostroem}, K.~A. and {Debes}, J.~H. and 
	{\bf{Ely}, J.} and {Kriss}, G.~A. and {Massa}, D. and {McPhate}, J. and 
	{Oliveira}, C. and {Osterman}, S. and {Penton}, S. and {Proffitt}, C. and 
	{Roman-Duval}, J. and {Sahnow}, D. and {Sonnentrucker}, P.},
    title = "{Summary of Results from the First Move to a New COS FUV Lifetime Position}",
 keywords = {Hubble Space Telescope, Space Telescope Science Institute, STScI, HST},
booktitle = {Instrument Science Report COS 2013-16, 37 pages},
     year = 2013,
    month = oct,
    pages = {16},
   adsurl = {http://adsabs.harvard.edu/abs/2013cos..rept...16O},
  adsnote = {Provided by the SAO/NASA Astrophysics Data System}
}

@TECHREPORT{2013cos..rept....8M,
   author = {{Massa}, D. and {Sanhow}, D. and {\bf{Ely}, J.} and {Oliveira}, C. and 
	{Aloisi}, A. and {Osten}, R. and {Proffitt}, C.},
    title = "{Characterization of the COS FUV Detectors}",
 keywords = {Hubble Space Telescope, Space Telescope Science Institute, STScI, HST},
booktitle = {Instrument Science Report COS 2013-08(v1), 28 pages},
     year = 2013,
    month = oct,
    pages = {8},
   adsurl = {http://adsabs.harvard.edu/abs/2013cos..rept....8M},
  adsnote = {Provided by the SAO/NASA Astrophysics Data System}
}

@TECHREPORT{2013cos..rept....6S,
   author = {{Sonnentrucker}, P. and {Roman-Duval}, J. and {\bf{Ely}, J.} and 
	{Oliveria}, C. and {Proffitt}, C. and {Aloisi}, A.},
    title = "{COS FUV Dispersion Solution Verification at the New Lifetime Position}",
 keywords = {Hubble Space Telescope, Space Telescope Science Institute, STScI, HST},
booktitle = {Instrument Science Report COS 2013-06(v.1), 16 pages},
     year = 2013,
    month = jun,
    pages = {6},
   adsurl = {http://adsabs.harvard.edu/abs/2013cos..rept....6S},
  adsnote = {Provided by the SAO/NASA Astrophysics Data System}
}

@TECHREPORT{2013cos..rept....4K,
   author = {{Kriss}, G.~A. and {Wolfe}, M. and {Aloisi}, A. and {Bostroem}, A. and
        {Cox}, C. and {\bf{Ely}, J.} and {Long}, C. and {Massa}, D. and {Oliveria}, C. and
        {Osten}, R. and {Proffitt}, C. and {Sahnow}, D. and {Wheeler}, T. and
        {Zheng}, W.},
    title = "{Summary of the COS Cycle 18 Calibration Program}",
 keywords = {Hubble Space Telescope, Space Telescope Science Institute, STScI, HST},
booktitle = {Instrument Science Report COS 2013-04, 43 pages},
     year = 2013,
    month = apr,
    pages = {4},
   adsurl = {http://adsabs.harvard.edu/abs/2013cos..rept....4K},
  adsnote = {Provided by the SAO/NASA Astrophysics Data System}
}


@TECHREPORT{2012cos..rept....2O,
   author = {{Osten}, R.~A. and {Wolfe}, M. and {Ake}, T. and {Aloisi}, A. and 
	{Bostroem}, K.~A. and {Dixon}, W.~v.~D. and {Ghavamian}, P. and 
	{Goudfrooij} and {\bf{Ely}, J.} and {Massa}, D. and {Niemi}, S.-M. and 
	{Oliveira}, C. and {Osterman}, S. and {Pascucci}, I. and {Penton}, S. and 
	{Proffitt}, C. and {Sahnow}, D. and {Wheeler}, T. and {York}, B. and 
	{Zheng}, W.},
    title = "{Summary of the COS Cycle 17 Calibration Program}",
 keywords = {Hubble Space Telescope, HST, Space Telescope Science Institute, STScI},
booktitle = {Instrument Science Report COS 2012-02, 38 pages},
     year = 2012,
    month = nov,
    pages = {2},
   adsurl = {http://adsabs.harvard.edu/abs/2012cos..rept....2O},
  adsnote = {Provided by the SAO/NASA Astrophysics Data System}
}

@TECHREPORT{2012stis.rept....3W,
   author = {{Wolfe}, M.~A. and {Osten}, R.~A. and {Hernandez}, S. and {Aloisi}, A. and 
	{Bohlin}, R. and {Bostroem}, K.~A. and {Diaz}, R. and {Dixon}, V. and 
	{\bf{Ely}, J.} and {Hodge}, P. and {Lennon}, D. and {Mason}, E. and 
	{Niemi}, S.-M. and {Pascuucci}, I. and {Proffitt}, C. and {Wheeler}, T. and 
	{Zheng}, W.},
    title = "{Summary of the STIS Cycle 17 Calibration Program}",
 keywords = {Hubble Space Telescope, Space Telescope Science Institute, STScI, HST},
booktitle = {Space Telescope STIS Instrument Science Report},
     year = 2012,
    pages = {3},
   adsurl = {http://adsabs.harvard.edu/abs/2012stis.rept....3W},
  adsnote = {Provided by the SAO/NASA Astrophysics Data System}
}

@TECHREPORT{2011cos..rept....3E,
   author = {{\bf{Ely}, J.} and {Massa}, D. and {Ake}, T. and {Beland}, S. and 
	{Penton}, S. and {Oliveira}, C. and {Proffitt}, C. and {Sahnow}, D.
	},
    title = "{COS FUV Gridwire Flat Field Template}",
 keywords = {Cosmic Origins Spectrograph, COS, Space Telescope Science Institute, Hubble Telescope, HST},
booktitle = {Instrument Science Report COS 2011-03, 20 pages},
     year = 2011,
    month = aug,
    pages = {3},
   adsurl = {http://adsabs.harvard.edu/abs/2011cos..rept....3E},
  adsnote = {Provided by the SAO/NASA Astrophysics Data System}
}


%%%%%%%%%%%%%%%%%%%%%%%%%%%
% Preceedings
%%%%%%%%%%%%%%%%%%%%%%%%%%%

@INPROCEEDINGS{2013SPIE.8859E..0SS,
   author = {{Sahnow}, D.~J. and {Aloisi}, A. and {Bostroem}, K.~A. and {Debes}, J. and 
	{\bf{Ely}, J.} and {Hodge}, P.~E. and {Kriss}, G. and {Massa}, D. and 
	{Oliveira}, C. and {Osten}, R. and {Osterman}, S.~N. and {Penton}, S.~V. and 
	{Proffitt}, C. and {Roman-Duval}, J. and {Sonnentrucker}, P.
	},
    title = "{Characterization, modeling, and management of the COS FUV detector lifetime}",
booktitle = {Society of Photo-Optical Instrumentation Engineers (SPIE) Conference Series},
     year = 2013,
   series = {Society of Photo-Optical Instrumentation Engineers (SPIE) Conference Series},
   volume = 8859,
    month = sep,
      eid = {88590S},
      doi = {10.1117/12.2024708},
   adsurl = {http://adsabs.harvard.edu/abs/2013SPIE.8859E..0SS},
  adsnote = {Provided by the SAO/NASA Astrophysics Data System}
}

@INPROCEEDINGS{2013AAS...22231606T,
   author = {{Taylor}, J.~M. and {Aloisi}, A. and {Bacinski}, J. and {Bostroem}, K.~A. and 
	{Debes}, J.~H. and {Roman-Duval}, J. and {\bf{Ely}, J.} and {DiFelice}, A. and 
	{Hernandez}, S. and {Kriss}, G.~A. and {Hodge}, P. and {Lindsay}, K. and 
	{Lockwood}, S.~A. and {Massa}, D. and {Oliveira}, C.~M. and 
	{Osten}, R.~A. and {Penton}, S.~V. and {Proffitt}, C.~R. and 
	{Sahnow}, D.~J. and {Sonnentrucker}, P. and {Wheeler}, T.},
    title = "{Updated Status and Performance for the Cosmic Origins Spectrograph Onboard the Hubble Space Telescope}",
booktitle = {American Astronomical Society Meeting Abstracts},
     year = 2013,
   series = {American Astronomical Society Meeting Abstracts},
   volume = 222,
    month = jun,
    pages = {316.06},
   adsurl = {http://adsabs.harvard.edu/abs/2013AAS...22231606T},
  adsnote = {Provided by the SAO/NASA Astrophysics Data System}
}

@INPROCEEDINGS{2013AAS...22231605E,
   author = {{\bf{Ely}, J.} and {Massa}, D. and {Sahnow}, D.~J. and {Hernandez}, S.
	},
    title = "{Strategies for the Removal of Fixed-Pattern Noise in the COS FUV Detectors}",
booktitle = {American Astronomical Society Meeting Abstracts},
     year = 2013,
   series = {American Astronomical Society Meeting Abstracts},
   volume = 222,
    month = jun,
    pages = {316.05},
   adsurl = {http://adsabs.harvard.edu/abs/2013AAS...22231605E},
  adsnote = {Provided by the SAO/NASA Astrophysics Data System}
}

@INPROCEEDINGS{2013AAS...22231604S,
   author = {{Sahnow}, D.~J. and {\bf{Ely}, J.} and {Hodge}, P. and {Hernandez}, S.
	},
    title = "{Flagging Bad Data in the COS FUV Detectors: Improving the Data Quality by Discarding Events}",
booktitle = {American Astronomical Society Meeting Abstracts},
     year = 2013,
   series = {American Astronomical Society Meeting Abstracts},
   volume = 222,
    month = jun,
    pages = {316.04},
   adsurl = {http://adsabs.harvard.edu/abs/2013AAS...22231604S},
  adsnote = {Provided by the SAO/NASA Astrophysics Data System}
}

@INPROCEEDINGS{2013HEAD...1310105L,
   author = {{Lia Longinotti}, A. and {Krongold}, Y. and {Kriss}, G.~A. and 
	{\bf{Ely}, J.} and {Gallo}, L.~C. and {Grupe}, D. and {Komossa}, S. and 
	{Mathur}, S. and {Pradhan}, A.~K.},
    title = "{Emergence of an Outflow in the Seyfert Galaxy Mrk 335 Revealed by XMM-Newton and HST}",
booktitle = {AAS/High Energy Astrophysics Division},
     year = 2013,
   series = {AAS/High Energy Astrophysics Division},
   volume = 13,
    month = apr,
    pages = {101.05},
   adsurl = {http://adsabs.harvard.edu/abs/2013HEAD...1310105L},
  adsnote = {Provided by the SAO/NASA Astrophysics Data System}
}

@INPROCEEDINGS{2013AAS...22134403O,
   author = {{Osten}, R. and {Aloisi}, A. and {Bostroem}, K.~A. and {Debes}, J.~H. and 
	{Elliott}, E. and {\bf{Ely}, J.} and {Kriss}, G.~A. and {Massa}, D. and 
	{Oliveira}, C.~M. and {Osterman}, S. and {Penton}, S.~V. and 
	{Proffitt}, C.~R. and {Roman-Duval}, J. and {Sahnow}, D.~J. and 
	{Sonnentrucker}, P.},
    title = "{Results from the HST/COS FUV Detector ''Lifetime Move''}",
booktitle = {American Astronomical Society Meeting Abstracts},
     year = 2013,
   series = {American Astronomical Society Meeting Abstracts},
   volume = 221,
    month = jan,
    pages = {344.03},
   adsurl = {http://adsabs.harvard.edu/abs/2013AAS...22134403O},
  adsnote = {Provided by the SAO/NASA Astrophysics Data System}
}

@INPROCEEDINGS{2012SPIE.8443E..4CS,
   author = {{Sahnow}, D.~J. and {Aloisi}, A. and {Bostroem}, K.~A. and {Debes}, J. and 
	{Duval}, J. and {\bf{Ely}, J.} and {Hodge}, P.~E. and {Kriss}, G. and 
	{Lindsay}, K. and {Massa}, D. and {Oliveira}, C. and {Osten}, R. and 
	{Osterman}, S.~N. and {Penton}, S.~V. and {Proffitt}, C. and 
	{Sonnentrucker}, P. and {York}, B.},
    title = "{The COS FUV channel: on-orbit performance trends and early characterization of a new detector lifetime position}",
booktitle = {Society of Photo-Optical Instrumentation Engineers (SPIE) Conference Series},
     year = 2012,
   series = {Society of Photo-Optical Instrumentation Engineers (SPIE) Conference Series},
   volume = 8443,
    month = sep,
      eid = {84434C},
      doi = {10.1117/12.926487},
   adsurl = {http://adsabs.harvard.edu/abs/2012SPIE.8443E..4CS},
  adsnote = {Provided by the SAO/NASA Astrophysics Data System}
}

@INPROCEEDINGS{2012AAS...22013605E,
   author = {{\bf{Ely}, J.} and {Aloisi}, A. and {Bostroem}, K. and {Hodge}, P. and 
	{Kriss}, G. and {Massa}, D. and {Oliveira}, C. and {Osten}, R. and 
	{Penton}, S. and {Proffitt}, C. and {Sahnow}, D. and {York}, B.
	},
    title = "{Strategies For The Mitigation Of Gain Sag In The Cos Fuv Detectors}",
booktitle = {American Astronomical Society Meeting Abstracts \#220},
     year = 2012,
   series = {American Astronomical Society Meeting Abstracts},
   volume = 220,
    month = may,
    pages = {136.05},
   adsurl = {http://adsabs.harvard.edu/abs/2012AAS...22013605E},
  adsnote = {Provided by the SAO/NASA Astrophysics Data System}
}


@INPROCEEDINGS{2012AAS...22013601D,
   author = {{Debes}, J.~H. and {Aloisi}, A. and {Bohlin}, R.~C. and {Bostrom}, K.~A. and 
	{Cox}, C. and {Diaz}, R. and {Duval}, J. and {\bf{Ely}, J.} and {Mason}, E. and 
	{Osten}, R. and {Proffitt}, C. and {Sonnentrucker}, P. and {Wolfe}, M.~A.
	},
    title = "{Updates to the Performance of the Space Telescope Imaging Spectrograph}",
booktitle = {American Astronomical Society Meeting Abstracts \#220},
     year = 2012,
   series = {American Astronomical Society Meeting Abstracts},
   volume = 220,
    month = may,
    pages = {136.01},
   adsurl = {http://adsabs.harvard.edu/abs/2012AAS...22013601D},
  adsnote = {Provided by the SAO/NASA Astrophysics Data System}
}

@INPROCEEDINGS{2012AAS...22013603O,
   author = {{Oliveira}, C.~M. and {Aloisi}, A. and {\bf{Ely}, J.} and {Kriss}, G. and 
	{Massa}, D. and {Osten}, R. and {Osterman}, S. and {Penton}, S. and 
	{Proffitt}, C. and {Sahnow}, D.},
    title = "{A Fresh Start for the COS FUV Detector}",
booktitle = {American Astronomical Society Meeting Abstracts \#220},
     year = 2012,
   series = {American Astronomical Society Meeting Abstracts},
   volume = 220,
    month = may,
    pages = {136.03},
   adsurl = {http://adsabs.harvard.edu/abs/2012AAS...22013603O},
  adsnote = {Provided by the SAO/NASA Astrophysics Data System}
}

@INPROCEEDINGS{2012AAS...21924116E,
   author = {{\bf{Ely}, J.} and {Aloisi}, A. and {Bostroem}, K. and {Hodge}, P. and 
	{Massa}, D. and {Oliveira}, C. and {Osten}, R. and {Penton}, S. and 
	{Proffitt}, C. and {Sahnow}, D. and {Zheng}, W.},
    title = "{Updated Status and Performance for the Cosmic Origins Spectrograph}",
booktitle = {American Astronomical Society Meeting Abstracts \#219},
     year = 2012,
   series = {American Astronomical Society Meeting Abstracts},
   volume = 219,
    month = jan,
    pages = {241.16},
   adsurl = {http://adsabs.harvard.edu/abs/2012AAS...21924116E},
  adsnote = {Provided by the SAO/NASA Astrophysics Data System}
}

@INPROCEEDINGS{2012AAS...21924115B,
   author = {{Bostroem}, K.~A. and {Aloisi}, A. and {Bohlin}, R.~C. and {Cox}, C. and 
	{Diaz}, R. and {Dixon}, W. and {Duval}, J. and {\bf{Ely}, J.} and 
	{Mason}, E. and {Osten}, R. and {Proffitt}, C. and {Sonnentrucker}, P. and 
	{Wolfe}, M.~A. and {York}, B. and {Zheng}, W.},
    title = "{An Update on the Performance of the Space Telescope Imaging Spectrograph}",
booktitle = {American Astronomical Society Meeting Abstracts \#219},
     year = 2012,
   series = {American Astronomical Society Meeting Abstracts},
   volume = 219,
    month = jan,
    pages = {241.15},
   adsurl = {http://adsabs.harvard.edu/abs/2012AAS...21924115B},
  adsnote = {Provided by the SAO/NASA Astrophysics Data System}
}

@INPROCEEDINGS{2011AAS...21833102W,
   author = {{Wolfe}, M.~A. and {Dixon}, W.~V. and {Mason}, E. and {Proffitt}, C. and 
	{Aloisi}, A. and {Oliveira}, C. and {Bohlin}, R.~C. and {Osten}, R. and 
	{Bostroem}, K.~A. and {Zheng}, W. and {Pascucci}, I. and {Niemi}, S. and 
	{York}, B. and {Sonnentracker}, P. and {Diaz}, R. and {\bf{Ely}, J.}~C.
	},
    title = "{Updated Status and Performance of the Space Telescope Imaging Spectrograph}",
booktitle = {American Astronomical Society Meeting Abstracts \#218},
     year = 2011,
    month = may,
    pages = {331.02},
   adsurl = {http://adsabs.harvard.edu/abs/2011AAS...21833102W},
  adsnote = {Provided by the SAO/NASA Astrophysics Data System}
}

@INPROCEEDINGS{2011AAS...21833101E,
   author = {{\bf{Ely}, J.} and {Massa}, D. and {Wolfe}, M. and {Proffitt}, C. and 
	{Oliveira}, C. and {Aloisi}, A. and {York}, B. and {Osten}, R. and 
	{Sahnow}, D. and {Dixon}, V. and {Ake}, T. and {Zheng}, W. and 
	{Azalee Bostoem}, K. and {Niemi}, S. and {Hart}, K.},
    title = "{Updated Status and Performance for the Cosmic Origins Spectrograph}",
booktitle = {American Astronomical Society Meeting Abstracts \#218},
     year = 2011,
    month = may,
    pages = {331.01},
   adsurl = {http://adsabs.harvard.edu/abs/2011AAS...21833101E},
  adsnote = {Provided by the SAO/NASA Astrophysics Data System}
}


%%%%%%%%%%%%%%%%%%%%%%%%%%%
% Proposals
%%%%%%%%%%%%%%%%%%%%%%%%%%%

